@article{Cechinel2011,
  title={Statistical profiles of highly-rated learning objects},
  author={Cechinel, Cristian and S{\'a}nchez-Alonso, Salvador and Garc{\'\i}a-Barriocanal, Elena},
  journal={Computers \& Education},
  volume={57},
  number={1},
  pages={1255--1269},
  year={2011},
  publisher={Elsevier}
}

@article{Ochoa2008,
  title={Relevance Ranking Metrics for learning objects},
  author={Ochoa, Xavier and Duval, Erik},
  journal={Learning Technologies, IEEE Transactions on},
  volume={1},
  number={1},
  pages={34--48},
  year={2008},
  publisher={IEEE}
}

@inproceedings{Ochoa2011,
  title={Learnometrics: Metrics for learning objects},
  author={Ochoa, Xavier},
  booktitle={Proceedings of the 1st International Conference on Learning Analytics and Knowledge},
  pages={1--8},
  year={2011},
  organization={ACM}
}

@article{AlMuhaideb2011}
  title={Evolutionary computation approaches to the Curriculum Sequencing problem},
  author={Al-Muhaideb, Sarab and Menai, Mohamed El Bachir},
  journal={Natural Computing},
  volume={10},
  number={2},
  pages={891--920},
  year={2011},
  publisher={Springer}
}

@book{Eiben2007,
  author = {Eiben, A.E. and Smith, J.E.},
  publisher = {Springer-Verlag, Berlin},
  series = {Natural Computing},
  title = {{Introduction to Evolutionary Computing}},
  year = 2007
}

